@online{wooyun-oj-vul,
    author="Mr .LZH",
    title="看我如何免笔试获取多家大型企业校招面试资格（赛码校招笔试系统命令执行分析）",
    url="http://www.wooyun.org/bugs/wooyun-2015-0141839"
}

@online{easy-sandbox-bypass,
    author="daveho",
    title="Using EasySandbox",
    url="https://github.com/daveho/EasySandbox/blob/master/README.md#using-easysandbox"
}

@inproceedings{sandbox-for-non-root-users,
  title={Practical and Effective Sandboxing for Non-root Users.},
  author={Kim, Taesoo and Zeldovich, Nickolai},
  booktitle={USENIX Annual Technical Conference},
  pages={139--144},
  year={2013}
}

@inproceedings{sandbox-comparison-for-oj,
  title={A Comparison of Sandbox Technologies Used in Online Judge Systems},
  author={Yi, Chao and Feng, Su and Gong, Zhi},
  booktitle={Applied Mechanics and Materials},
  volume={490},
  pages={1201--1204},
  year={2014},
  organization={Trans Tech Publ}
}

@article{new-contest-sandbox,
  title={A new contest sandbox},
  author={Mare{\v{s}}, Martin and Blackham, Bernard},
  journal={Olympiads in Informatics},
  volume={6},
  pages={100--109},
  year={2012}
}

@article{sandbox-for-linux,
  title={Secure sandboxing solution for GNU/Linux},
  author={Jab{\l}onski, Jedrzej and Paw{\l}owski, Marcin},
  year={2011},
  publisher={Citeseer}
}

@article{ptrace-performance,
  title={Performance analysis of sandboxes for reactive tasks},
  author={Merry, Bruce},
  journal={Olympiads in Informatics},
  volume={4},
  pages={87--94},
  year={2010}
}

@online{linux-process-start,
    author="亚嵌教育",
    title="main函数和启动例程",
    url="https://akaedu.github.io/book/ch19s02.html"
}

@online{thesis-tests,
    author="李扬",
    title="本论文所有的测试代码和数据",
    url="https://github.com/virusdefender/UndergraduateThesis"
}

@online{qduoj-judger,
    author="qduoj dev team",
    title="qduoj开源判题沙箱",
    url="https://github.com/QingdaoU/Judger"
}

@online{wiki-vj,
    title="在线判题系统",
    url="https://zh.wikipedia.org/wiki/%E5%9C%A8%E7%BA%BF%E5%88%A4%E9%A2%98%E7%B3%BB%E7%BB%9F"
}

@online(password-reset-vul,
    title="任意密码重置漏洞 site:wooyun.org",
    url="https://www.google.com.hk/search?site=&source=hp&q=%E4%BB%BB%E6%84%8F%E5%AF%86%E7%A0%81%E9%87%8D%E7%BD%AE+site:wooyun.org&oq=%E4%BB%BB%E6%84%8F%E5%AF%86%E7%A0%81%E9%87%8D%E7%BD%AE+site:wooyun.org"
)

@online(setitimer-child-process,
    title="getitimer(2) - Linux manual page",
    url="http://man7.org/linux/man-pages/man2/setitimer.2.html"
)

@online(ptrace, 
    title="ptrace(2) - Linux manual page",
    url="http://man7.org/linux/man-pages/man2/ptrace.2.html"
)

@online(seccomp,
    title="SECure COMPuting with filters",
    url="https://www.kernel.org/doc/Documentation/prctl/seccomp_filter.txt"
)

@online(setrlimit-child-process,
    title="setrlimit(2): get/set resource limits - Linux man page",
    url="http://linux.die.net/man/2/setrlimit"
)

@article{hustoj-cache,
  title={基于开放式云平台的开源在线评测系统设计与实现},
  author={张浩斌},
  journal={计算机科学},
  volume={39},
  number={11},
  pages={339--343},
  year={2012}
}

@inproceedings{js-module,
  title={Formal specification of a JavaScript module system},
  author={Kang, Seonghoon and Ryu, Sukyoung},
  booktitle={ACM SIGPLAN Notices},
  volume={47},
  number={10},
  pages={621--638},
  year={2012},
  organization={ACM}
}